@ARTICLE{adams2002fim,
  title={{Fast Iterative Methods for Discrete-Ordinates Particle Transport Calculations}},
  author={Adams, M.L., and  Larsen, E.W.},
  journal={Progress in Nuclear Energy},
  volume={40},
  number={1},
  pages={3--159},
  issn={0149-1970},
  year={2002},
  publisher={Elsevier}
}


@BOOK{arfken1995mmp,
  title={{Mathematical Methods for Physicists}},
  author={Arfken, G.B. and Weber, H.J.},
  year={1995},
  publisher={Academic Press}
}


@BOOK{bell1970nrt,
  title = {{Nuclear Reactor Theory}},
  publisher = {Van Nostrand-Reinhold},
  year = {1970},
  author = {Bell, G.I. and Glasstone, S.},
  address = {New York},
  timestamp = {2009.12.03}
}

@ARTICLE{broadhead2004sau,
  author = {Broadhead, B.L. and Rearden, B.T. and Hopper, C.M. and Wagschal,
	J.J. and Parks, C.V.},
  title = {{Sensitivity-and Uncertainty-Based Criticality Safety Validation
	Techniques}},
  journal = {Nucl. Sci. Eng},
  year = {2004},
  volume = {146},
  pages = {340--366},
  number = {3},
  keywords = {s/u analysis, data adjustment, criticality safety},
  publisher = {AMERICAN NUCLEAR SOCIETY}
}

@ARTICLE{brown2005fmc,
  author = {Brown, F.},
  title = {{Fundamentals of Monte Carlo Particle Transport}},
  journal = {Los Alamos National Laboratory, LA-UR-05-4983},
  year = {2005},
  timestamp = {2010.04.17}
}

@BOOK{case1967ltt,
  title = {{Linear Transport Theory}},
  publisher = {Addison-Wesley},
  year = {1967},
  author = {Case, K.M. and Zweifel, P.F.},
  address = {Reading,MA},
  timestamp = {2009.12.03}
}

@BOOK{chandrasekhar1950rt,
  title={{Radiative Transfer}},
  author={Chandrasekhar, S.},
  year={1950},
  publisher={Oxford University Press}
}


@ARTICLE{cooper2001aww,
  author = {Cooper, M.A. and Larsen, E.W.},
  title = {{Automated Weight Windows for Global Monte Carlo Particle Transport
	Calculations}},
  journal = {Nucl. Sci. Eng.},
  year = {2001},
  volume = {137},
  number = {1},
  keywords = {variance reduction},
  owner = {Jeremy Roberts}
}

@BOOK{davison1957ntt,
  title={{Neutron Transport Theory}},
  author={Davison, B.},
  year={1957},
  publisher={Oxford}
}


@BOOK{duderstadt1976nra,
  title={{Nuclear Reactor Analysis}},
  author={Duderstadt, J.J. and Hamilton, L.J.},
  year={1976},
  publisher={John Wiley and Sons, Inc., New York}
}

@BOOK{duderstadt1976tt,
  title={{Transport Theory}},
  author={Duderstadt, J.J. and Martin, W.R.},
  year={1979},
  publisher={John Wiley and Sons, Inc., New York}
}

@article{evans2010dnt,
  title={{Denovo: A New Three-Dimensional Parallel Discrete Ordinates Code in SCALE}},
  author={Evans, T.M. and Stafford, A.S. and Slaybaugh, R.N. and Clarno, K.T.},
  journal={Nuclear Technology},
  volume={171},
  number={2},
  pages={171--200},
  issn={0029-5450},
  year={2010},
  publisher={American Nuclear Society}
}


@ARTICLE{haghighat2003mcv,
  author = {Haghighat, A. and Wagner, J.C.},
  title = {{Monte Carlo Variance Reduction with Deterministic Importance Functions}},
  journal = {Progress in Nuclear Energy},
  year = {2003},
  volume = {42},
  pages = {25--53},
  number = {1},
  keywords = {variance reduction},
  owner = {Jeremy Roberts},
  publisher = {Elsevier},
  timestamp = {2010.04.17}
}

@book{hebert2009arp,
  title={{Applied Reactor Physics}},
  author={H{\'e}bert, A.},
  isbn={2553014368},
  year={2009},
  publisher={Presses Internationales Polytechnique}
}


@BOOK{henry1975nra,
  title = {{Nuclear Reactor Analysis}},
  publisher = {MIT Press},
  year = {1975},
  author = {Henry, A.F.},
  address = {Cambridge, MA},
  timestamp = {2009.12.03}
}

@article{koch1992sfo,
  title={{Solution of the First-Order Form of the 3-D Discrete Ordinates Equation on a Massively Parallel Processor}},
  author={Koch, K.R. and Baker, R.S. and Alcouffe, R.E.},
  journal={Trans. Amer. Nucl. Soc.},
  volume={65},
  number={108},
  pages={198--199},
  year={1992}
}


@article{lathrop1969sdt,
  title={{Spatial Differencing of the Transport Equation: Positivity vs. Accuracy}},
  author={Lathrop, K.D.},
  journal={Journal of Computational Physics},
  volume={4},
  number={4},
  pages={475--498},
  issn={0021-9991},
  year={1969},
  publisher={Elsevier}
}


@book{leveque2007fdm,
  title={{Finite Difference Methods for Ordinary and Partial Differential Equations}},
  author={LeVeque, R.J.},
  isbn={0898716292},
  year={2007},
  publisher={SIAM}
}


@BOOK{lewis1993cmn,
  title = {{Computational Methods of Neutron Transport}},
  publisher = {American Nuclear Society},
  year = {1993},
  author = {Lewis, E.E. and Miller Jr, W.F.},
  address = {Lagrange Park, IL},
  owner = {Jeremy Roberts},
  timestamp = {2009.12.03}
}

@BOOK{marchuk1995aea,
  title={{Adjoint Equations and Analysis of Complex Systems}},
  author={Marchuk, G.I.},
  isbn={0792330137},
  year={1995},
  publisher={Springer}
}

@INPROCEEDINGS{miller1987nrm,
  author={Miller Jr, W.F. and Lewis, E.E.},
  title={{Nonlinear Response Matrix Methods for Radiative Transfer}},
  booktitle = {International Topical Meeting on Advances in Reactor Physics, Mathematics and Computation},
  year = {1987},
  address = {Paris, France},
  month = {April},
  publisher = {American Nuclear Society},
  keywords = {jfnk},
  owner = {Jeremy Roberts},
  timestamp = {2009.12.19}
}

@article{park2004cma,
  title={{Coarse-Mesh Angular Dependent Rebalance Acceleration of the Discrete Ordinates Transport Calculations}},
  author={Park, Y.R. and Cho, N.Z.},
  journal={Nuclear Science and Engineering},
  volume={148},
  number={3},
  year={2004}
}


@ARTICLE{patton2002apg,
  author = {Patton, B.W. and Holloway, J.P.},
  title = {{Application of Preconditioned GMRES to the Numerical Solution of the Neutron Transport Equation}},
  journal = {Annals of Nuclear Energy},
  year = {2002},
  volume = {29},
  pages = {109--136},
  number = {2},
  owner = {Jeremy Roberts},
  publisher = {Elsevier},
  timestamp = {2010.02.10}
}

@ARTICLE{rearden2004pte,
  author = {Rearden, B.T.},
  title = {{Perturbation Theory Eigenvalue Sensitivity Analysis with Monte Carlo
	techniques}},
  journal = {Nucl. Sci. Eng.},
  year = {2004},
  volume = {146},
  pages = {367--382},
  number = {3},
  owner = {Jeremy Roberts},
  publisher = {American Nuclear Society},
  timestamp = {2009.07.08}
}

@ARTICLE{salvatores2005ita,
  author = {Salvatores, M.},
  title = {{The interplay of theory and experiments in reactor physics, invited,
	Eugene P. Wigner reactor physicist award winner}},
  journal = {Transactions of the American Nuclear Society},
  year = {2005},
  volume = {93},
  pages = {361--362},
  file = {:salvatores2005ita.pdf:PDF},
  publisher = {Academic Press}
}

@PHDTHESIS{smith1980shm,
  title={{Spatial Homogenization Methods for Light Water Reactor Analysis}},
  author={Smith, K.S.},
  year={1980},
  institution={Massachusetts Institute of Technology}
}

@article{smith1983nms,
  title={{Nodal Method Storage Reduction by Nonlinear Iteration}},
  author={Smith, K.S.},
  journal={Trans. Am. Nucl. Soc.},
  volume={44},
  year={1983}
}


@BOOK{stacey1974vmn,
  title={{Variational Methods in Nuclear Reactor Analysis}},
  author={Stacey, W.M.},
  year={1974},
  publisher={Academic Press}
}

@BOOK{stammler1983mss,
  title = {{Methods of Steady-State Reactors Physics in Nuclear Design}},
  year = {1983},
  author = {Stamm'ler, R.J.J. and Abbate, M.J.},
  address = {New York},
  publisher={Academic Press},
  timestamp = {2009.12.03}
}


@ARTICLE{wagner1998avr,
  author = {Wagner, J.C. and Haghighat, A.},
  title = {{Automated Variance Reduction of Monte Carlo Shielding Calculations
	Using the Discrete Ordinates Adjoint Function}},
  journal = {Nucl. Sci. Eng.},
  year = {1998},
  volume = {128},
  pages = {186--208},
  number = {2},
  keywords = {variance reduction},
  owner = {Jeremy Roberts},
  publisher = {Citeseer},
  timestamp = {2010.04.17}
}

@article{warsa2004kim,
  title={{Krylov Iterative Methods and the Degraded Effectiveness of Diffusion Synthetic Acceleration for Multidimensional SN Calculations in Problems with Material Discontinuities}},
  author={Warsa, J.S. and Wareing, T.A. and Morel, J.E.},
  journal={Nuclear Science and Engineering},
  volume={147},
  number={3},
  pages={218--248},
  issn={0029-5639},
  year={2004},
  publisher={American Nuclear Society}
}


@ARTICLE{wigner1945esp,
  author = {Wigner, E.P.},
  title = {{Effect of Small Perturbations on Pile Period}},
  journal = {Chicago Report CP-G-3048; see also The Collected Works of Eugene Paul Wigner, Part A. },
  year = {1945}
}

@ARTICLE{williams2007sau,
  author = {Williams, M.L.},
  title = {{Sensitivity and Uncertainty Analysis for Eigenvalue-Difference Responses}},
  journal = {Nucl. Sci. Eng.},
  year = {2007},
  volume = {155},
  pages = {18--36},
  number = {1},
  keywords = {s/u analysis},
  publisher = {American Nuclear Society}
}

@ARTICLE{williams1991gcr,
  author = {Williams, M.L.},
  title = {{Generalized Contributon Response Theory}},
  journal = {Nuclear Science and Engineering},
  year = {1991},
  volume = {108},
  pages = {355--383},
  file = {:williams1991gcr.pdf:PDF},
  keywords = {contributon, spatial channel},
  owner = {Jeremy Roberts},
  timestamp = {2009.01.27}
}

@article{zhong2008itl,
  title={{Implementation of Two-Level Coarse-Mesh Finite Difference Acceleration in an Arbitrary Geometry, Two-Dimensional Discrete Ordinates Transport Method}},
  author={Zhong, Z. and Downar, T.J. and Xu, Y. and DEHART, M.D. and CLARNO, K.T.},
  journal={Nuclear Science and Engineering},
  volume={158},
  number={3},
  pages={289--298},
  issn={0029-5639},
  year={2008},
  publisher={American Nuclear Society}
}
